
@article{parson2011_nips,
  title={Using hidden markov models for iterative non-intrusive appliance monitoring},
  author={Parson, Oliver and Ghosh, Siddhartha and Weal, Mark and Rogers, Alex},
  year={2011}
}
@inproceedings{parson2012_aaai,
  title={Non-intrusive load monitoring using prior models of general appliance types},
  author={Parson, Oliver and Ghosh, Siddhartha and Weal, Mark and Rogers, Alex},
  booktitle={26th AAAI Conference on Artificial Intelligence},
  year={2012}
}
@article{berges2008,
  title={Training load monitoring algorithms on highly sub-metered home electricity consumption data},
  author={Berges, Mario and Goldman, Ethan and Matthews, H Scott and Soibelman, Lucio},
  journal={Tsinghua Science \& Technology},
  volume={13},
  pages={406--411},
  year={2008},
  publisher={Elsevier}
}

@book{knapsack,
  title={Knapsack problems: algorithms and computer implementations},
  author={Martello, Silvano and Toth, Paolo},
  year={1990},
  publisher={John Wiley \& Sons, Inc.}
}
@inproceedings{redd,
  title={REDD: A public data set for energy disaggregation research},
  author={Kolter, J Zico and Johnson, Matthew J},
  booktitle={proceedings of the SustKDD workshop on Data Mining Applications in Sustainability},
  pages={1--6},
  year={2011}
}

@inproceedings{pecan,
  title={Pecan Street Inc.: A Test-bed for NILM},
  author={Holcomb, C.},
  booktitle={International Workshop on Non-Intrusive Load Monitoring},
  pages={271--288},
  year={2007}
}

@inproceedings{smart,
  title={Smart*: An open data set and tools for enabling research in sustainable homes},
  author={Barker, Sean and Mishra, Aditya and Irwin, David and Cecchet, Emmanuel and Shenoy, Prashant and Albrecht, Jeannie},
  booktitle={The 1st KDD Workshop on Data Mining Applications in Sustainability (SustKDD)},
  year={2011}
}
@article{blued_cmu,
  title={BLUED: A Fully Labeled Public Dataset for Event-Based Non-Intrusive Load Monitoring Research},
  author={Filip, Adrian}
}

 
@article {janda13,
author = {Socolow, R.},
title = {Saving Energy in the Home:Princeton's Experiments at Twin Rivers},
journal = {Ballinger},
year = {1978}
}
@Online {esrc08,
author = {Kevin Lomas and David Shipworth and Elizabeth Shove and Michalel Kelly and David Uzzell},
title = {How people use and misuse buildings},
year = {2009},
URL={http://www.esrc.ac.uk/funding-and-guidance/collaboration/seminars/archive/buildings.aspx}
}
@book{evans09india,
  title={Country Report on Building Energy Codes in India},
  author={Evans, Meredydd and Shui, Bin and Somasundaram, Sriram},
  year={2009},
  publisher={Pacific Northwest National Laboratory}
}
@book{evans09china,
  title={Country Report on Building Energy Codes in China},
  author={Shui, Bin and Evans, Meredydd and Lin, H and Jiang, Weilin and Liu, Bing and Song, Bo and Somasundaram, Sriram},
  year={2009},
  publisher={Pacific Northwest National Laboratory}
}

@article{evans09japan,
  title={Country report on building energy codes in Japan},
  author={Evans, Meredydd and Shui, Bin and Takagi, T},
  journal={Pacific Northwest National Laboratory},
  year={2009}
}

@book{evans09aus,
  title={Country Report on Building Energy Codes in Australia},
  author={Shui, Bin and Evans, Meredydd and Somasundaram, Sriram},
  year={2009},
  publisher={Pacific Northwest National Laboratory}
}
@article{evans09us,
  title={Country Report on Building Energy Codes in the United States},
  author={Halverson, Mark A and Shui, Bin and Evans, Meredydd},
  journal={Pacific Northwest National Laboratory},
  year={2009}
}
@article {USEIA11,
author={US Energy Information Administration},
title={AEO2011: Annual Energy Outlook},
year={2011},
}


@article{janda09,
author = {Janda, Kathryn B.},
title = {Buildings don't use energy: people do},
journal = {Architectural Science Review},
volume = {54},
number = {1},
pages = {15-22},
year = {2011},
doi = {10.3763/asre.2009.0050},

URL = {http://www.tandfonline.com/doi/abs/10.3763/asre.2009.0050},
eprint = {http://www.tandfonline.com/doi/pdf/10.3763/asre.2009.0050}
}

@INPROCEEDINGS{rabiner,
    author = {Lawrence R. Rabiner},
    title = {A tutorial on hidden markov models and selected applications in speech recognition},
    booktitle = {Proceedings of the IEEE},
    year = {1989},
    pages = {257--286}
}
@inproceedings{Arjunan12,
author = {Pandarasamy Arjunan and Nipun Batra and Haksoo Choi and Amarjeet Singh and Pushpendra Singh and Mani B. Srivastava},
title = {{SensorAct: A Privacy and Security Aware Federated Middleware for Building Management}},
BOOKTITLE="Fourth ACM Workshop On Embedded Sensing Systems For Energy-Efficiency In Buildings",
series = {BuildSys 2012},
YEAR=2012
}

@article{hart,
  title={Nonintrusive appliance load monitoring},
  author={Hart, George William},
  journal={Proceedings of the IEEE},
  volume={80},
  number={12},
  pages={1870--1891},
  year={1992},
  publisher={IEEE}
}

@article{darby,
  title={The effectiveness of feedback on energy consumption},
  author={Darby, Sarah},
  journal={A Review for DEFRA of the Literature on Metering, Billing and direct Displays},
  volume={486},
  year={2006}
}
@article{survey1,
  title={Is disaggregation the holy grail of energy efficiency? The case of electricity},
  author={Carrie Armel, K and Gupta, Abhay and Shrimali, Gireesh and Albert, Adrian},
  journal={Energy Policy},
  year={2012},
  publisher={Elsevier}
}
@article{survey2,
  title={Non-Intrusive Load Monitoring Approaches for Disaggregated Energy Sensing: A Survey},
  author={Zoha, Ahmed and Gluhak, Alexander and Imran, Muhammad Ali and Rajasegarar, Sutharshan},
  journal={Sensors},
  volume={12},
  number={12},
  pages={16838--16866},
  year={2012},
  publisher={Multidisciplinary Digital Publishing Institute}
}

@article{survey3,
  title={Nonintrusive appliance load monitoring: Review and outlook},
  author={Zeifman, Michael and Roth, Kurt},
  journal={Consumer Electronics, IEEE Transactions on},
  volume={57},
  number={1},
  pages={76--84},
  year={2011},
  publisher={IEEE}
}

@inproceedings{kmeansplusplus,
  title={k-means++: The advantages of careful seeding},
  author={Arthur, David and Vassilvitskii, Sergei},
  booktitle={Proceedings of the eighteenth annual ACM-SIAM symposium on Discrete algorithms},
  pages={1027--1035},
  year={2007},
  organization={Society for Industrial and Applied Mathematics}
}

@INPROCEEDINGS{Suzuki_08, 
author={Suzuki, K. and Inagaki, S. and Suzuki, T. and Nakamura, H. and Ito, K.}, 
booktitle={SICE Annual Conference, 2008}, 
title={Nonintrusive appliance load monitoring based on integer programming}, 
year={2008}, 
pages={2742-2747}
}

@INPROCEEDINGS{Baranski_04, 
author={Baranski, M. and Voss, J.}, 
booktitle={Systems, Man and Cybernetics, 2004 IEEE International Conference on}, 
title={Genetic algorithm for pattern detection in NIALM systems}, 
year={2004}, 
volume={4}, 
pages={3462-3468 vol.4}
}

@INPROCEEDINGS{Ruzzelli_10, 
author={Ruzzelli, A.G. and Nicolas, C. and Schoofs, A. and O'Hare, G. M P}, 
booktitle={Sensor Mesh and Ad Hoc Communications and Networks (SECON), 2010 7th Annual IEEE Communications Society Conference on}, 
title={Real-Time Recognition and Profiling of Appliances through a Single Electricity Sensor}, 
year={2010}, 
pages={1-9}
}

@INPROCEEDINGS{Zia_11, 
author={Zia, T. and Bruckner, D. and Zaidi, A.}, 
booktitle={IECON 2011 - 37th Annual Conference on IEEE Industrial Electronics Society}, 
title={A hidden Markov model based procedure for identifying household electric loads}, 
year={2011}, 
pages={3218-3223}
}

@INPROCEEDINGS{Ghahramani_97a,
    author = {Zoubin Ghahramani and Michael I. Jordan and Padhraic Smyth},
    title = {Factorial Hidden Markov Models},
    booktitle = {Machine Learning},
    year = {1997},
    publisher = {MIT Press}
}

@article{Kolter_12,
  author    = {J. Zico Kolter and
               Tommi Jaakkola},
  title     = {Approximate Inference in Additive Factorial HMMs with Application
               to Energy Disaggregation},
  journal   = {Journal of Machine Learning Research - Proceedings Track},
  volume    = {22},
  year      = {2012},
  pages     = {1472-1482}}
  
@inproceedings{Kim_11,
  author    = {Hyungsul Kim and
               Manish Marwah and
               Martin F. Arlitt and
               Geoff Lyon and
               Jiawei Han},
  title     = {Unsupervised Disaggregation of Low Frequency Power Measurements},
  booktitle = {SDM},
  year      = {2011},
  pages     = {747-758}
}

  
=======
@article{parson2011_nips,
  title={Using hidden markov models for iterative non-intrusive appliance monitoring},
  author={Parson, Oliver and Ghosh, Siddhartha and Weal, Mark and Rogers, Alex},
  year={2011}
}
@inproceedings{parson2012_aaai,
  title={Non-intrusive load monitoring using prior models of general appliance types},
  author={Parson, Oliver and Ghosh, Siddhartha and Weal, Mark and Rogers, Alex},
  booktitle={26th AAAI Conference on Artificial Intelligence},
  year={2012}
}
@article{berges2008,
  title={Training load monitoring algorithms on highly sub-metered home electricity consumption data},
  author={Berges, Mario and Goldman, Ethan and Matthews, H Scott and Soibelman, Lucio},
  journal={Tsinghua Science \& Technology},
  volume={13},
  pages={406--411},
  year={2008},
  publisher={Elsevier}
}

@book{knapsack,
  title={Knapsack problems: algorithms and computer implementations},
  author={Martello, Silvano and Toth, Paolo},
  year={1990},
  publisher={John Wiley \& Sons, Inc.}
}
@inproceedings{redd,
  title={REDD: A public data set for energy disaggregation research},
  author={Kolter, J Zico and Johnson, Matthew J},
  booktitle={proceedings of the SustKDD workshop on Data Mining Applications in Sustainability},
  pages={1--6},
  year={2011}
}

@inproceedings{smart,
  title={Smart*: An open data set and tools for enabling research in sustainable homes},
  author={Barker, Sean and Mishra, Aditya and Irwin, David and Cecchet, Emmanuel and Shenoy, Prashant and Albrecht, Jeannie},
  booktitle={The 1st KDD Workshop on Data Mining Applications in Sustainability (SustKDD)},
  year={2011}
}
@article{blued_cmu,
  title={BLUED: A Fully Labeled Public Dataset for Event-Based Non-Intrusive Load Monitoring Research},
  author={Filip, Adrian}
}

 
@article {janda13,
author = {Socolow, R.},
title = {Saving Energy in the Home:Princeton's Experiments at Twin Rivers},
journal = {Ballinger},
year = {1978}
}
@Online {esrc08,
author = {Kevin Lomas and David Shipworth and Elizabeth Shove and Michalel Kelly and David Uzzell},
title = {How people use and misuse buildings},
year = {2009},
URL={http://www.esrc.ac.uk/funding-and-guidance/collaboration/seminars/archive/buildings.aspx}
}
@article {evans09,
author={Evans, M. and Shui, B. and Somasundaram, S.},
title={Country Report on Building Energy Codes in India},
year={2009},
journal={PNNL},
volume={177925}
}
@article {USEIA11,
author={US Energy Information Administration},
title={AEO2011: Annual Energy Outlook},
year={2011},
}


@article{janda09,
author = {Janda, Kathryn B.},
title = {Buildings don't use energy: people do},
journal = {Architectural Science Review},
volume = {54},
number = {1},
pages = {15-22},
year = {2011},
doi = {10.3763/asre.2009.0050},

URL = {http://www.tandfonline.com/doi/abs/10.3763/asre.2009.0050},
eprint = {http://www.tandfonline.com/doi/pdf/10.3763/asre.2009.0050}
}

@INPROCEEDINGS{rabiner,
    author = {Lawrence R. Rabiner},
    title = {A tutorial on hidden markov models and selected applications in speech recognition},
    booktitle = {Proceedings of the IEEE},
    year = {1989},
    pages = {257--286}
}
@inproceedings{Arjunan12,
author = {Pandarasamy Arjunan and Nipun Batra and Haksoo Choi and Amarjeet Singh and Pushpendra Singh and Mani B. Srivastava},
title = {{SensorAct: A Privacy and Security Aware Federated Middleware for Building Management}},
BOOKTITLE="Fourth ACM Workshop On Embedded Sensing Systems For Energy-Efficiency In Buildings",
series = {BuildSys 2012}
%YEAR=2012
}

@article{hart,
  title={Nonintrusive appliance load monitoring},
  author={Hart, George William},
  journal={Proceedings of the IEEE},
  volume={80},
  number={12},
  pages={1870--1891},
  year={1992},
  publisher={IEEE}
}

@article{darby,
  title={The effectiveness of feedback on energy consumption},
  author={Darby, Sarah},
  journal={A Review for DEFRA of the Literature on Metering, Billing and direct Displays},
  volume={486},
  year={2006}
}
@article{survey1,
  title={Is disaggregation the holy grail of energy efficiency? The case of electricity},
  author={Carrie Armel, K and Gupta, Abhay and Shrimali, Gireesh and Albert, Adrian},
  journal={Energy Policy},
  year={2012},
  publisher={Elsevier}
}
@article{survey2,
  title={Non-Intrusive Load Monitoring Approaches for Disaggregated Energy Sensing: A Survey},
  author={Zoha, Ahmed and Gluhak, Alexander and Imran, Muhammad Ali and Rajasegarar, Sutharshan},
  journal={Sensors},
  volume={12},
  number={12},
  pages={16838--16866},
  year={2012},
  publisher={Multidisciplinary Digital Publishing Institute}
}

@article{survey3,
  title={Nonintrusive appliance load monitoring: Review and outlook},
  author={Zeifman, Michael and Roth, Kurt},
  journal={Consumer Electronics, IEEE Transactions on},
  volume={57},
  number={1},
  pages={76--84},
  year={2011},
  publisher={IEEE}
}

@inproceedings{kmeansplusplus,
  title={k-means++: The advantages of careful seeding},
  author={Arthur, David and Vassilvitskii, Sergei},
  booktitle={Proceedings of the eighteenth annual ACM-SIAM symposium on Discrete algorithms},
  pages={1027--1035},
  year={2007},
  organization={Society for Industrial and Applied Mathematics}
}

@INPROCEEDINGS{Suzuki_08, 
author={Suzuki, K. and Inagaki, S. and Suzuki, T. and Nakamura, H. and Ito, K.}, 
booktitle={SICE Annual Conference, 2008}, 
title={Nonintrusive appliance load monitoring based on integer programming}, 
year={2008}, 
pages={2742-2747}
}

@INPROCEEDINGS{Baranski_04, 
author={Baranski, M. and Voss, J.}, 
booktitle={Systems, Man and Cybernetics, 2004 IEEE International Conference on}, 
title={Genetic algorithm for pattern detection in NIALM systems}, 
year={2004}, 
volume={4}, 
pages={3462-3468 vol.4}
}

@INPROCEEDINGS{Ruzzelli_10, 
author={Ruzzelli, A.G. and Nicolas, C. and Schoofs, A. and O'Hare, G. M P}, 
booktitle={Sensor Mesh and Ad Hoc Communications and Networks (SECON), 2010 7th Annual IEEE Communications Society Conference on}, 
title={Real-Time Recognition and Profiling of Appliances through a Single Electricity Sensor}, 
year={2010}, 
pages={1-9}
}

@INPROCEEDINGS{Zia_11, 
author={Zia, T. and Bruckner, D. and Zaidi, A.}, 
booktitle={IECON 2011 - 37th Annual Conference on IEEE Industrial Electronics Society}, 
title={A hidden Markov model based procedure for identifying household electric loads}, 
year={2011}, 
pages={3218-3223}
}

@INPROCEEDINGS{Ghahramani_97a,
    author = {Zoubin Ghahramani and Michael I. Jordan and Padhraic Smyth},
    title = {Factorial Hidden Markov Models},
    booktitle = {Machine Learning},
    year = {1997},
    publisher = {MIT Press}
}

@article{Kolter_12,
  author    = {J. Zico Kolter and
               Tommi Jaakkola},
  title     = {Approximate Inference in Additive Factorial HMMs with Application
               to Energy Disaggregation},
  journal   = {Journal of Machine Learning Research - Proceedings Track},
  volume    = {22},
  year      = {2012},
  pages     = {1472-1482}}
  
@inproceedings{Kim_11,
  author    = {Hyungsul Kim and
               Manish Marwah and
               Martin F. Arlitt and
               Geoff Lyon and
               Jiawei Han},
  title     = {Unsupervised Disaggregation of Low Frequency Power Measurements},
  booktitle = {SDM},
  year      = {2011},
  pages     = {747-758}
}

@INPROCEEDINGS{Rahayu_12, 
author={Rahayu, D. and Narayanaswamy, B. and Krishnaswamy, S. and Labbe, C. and Seetharam, D.P.}, 
booktitle={Future Energy Systems: Where Energy, Computing and Communication Meet (e-Energy), 2012 Third International Conference on}, 
title={Learning to be energy-wise: Discriminative methods for load disaggregation}, 
year={2012}, 
pages={1-4}
}
@inproceedings{ting2005,
  title={A Taxonomy of Load Signatures for Single-Phase Electric Appliances},
  author={Ting, KH and Lucente, Mark and Fung, George SK and Lee, WK and Hui, SYR},
  booktitle={IEEE PESC (Power Electronics Specialist Conference)},
  pages={12--18},
  year={2005}
}

@inproceedings{nplug,
  title={nPlug: a smart plug for alleviating peak loads},
  author={Ganu, Tanuja and Seetharam, Deva P and Arya, Vijay and Kunnath, Rajesh and Hazra, Jagabondhu and Husain, Saiful A and De Silva, Liyanage Chandratilake and Kalyanaraman, Shivkumar},
  booktitle={Proceedings of the 3rd International Conference on Future Energy Systems: Where Energy, Computing and Communication Meet},
  pages={30},
  year={2012},
  organization={ACM}
}

@inproceedings{hitchhiker_wsn,
  title={The hitchhiker's guide to successful wireless sensor network deployments},
  author={Barrenetxea, Guillermo and Ingelrest, Fran{\c{c}}ois and Schaefer, Gunnar and Vetterli, Martin},
  booktitle={Proceedings of the 6th ACM conference on Embedded network sensor systems},
  pages={43--56},
  year={2008},
  organization={ACM}
}

@inproceedings{hitchhiker_residential,
  title={The hitchhiker's guide to successful residential sensing deployments},
  author={Hnat, Timothy W and Srinivasan, Vijay and Lu, Jiakang and Sookoor, Tamim I and Dawson, Raymond and Stankovic, John and Whitehouse, Kamin},
  booktitle={Proceedings of the 9th ACM Conference on Embedded Networked Sensor Systems},
  pages={232--245},
  year={2011},
  organization={ACM}
}

@inproceedings{scale_wsn,
  title={@ scale: Insights from a large, long-lived appliance energy WSN},
  author={Dawson-Haggerty, Stephen and Lanzisera, Steven and Taneja, Jay and Brown, Richard and Culler, David},
  booktitle={Proceedings of the 11th international conference on Information Processing in Sensor Networks},
  pages={37--48},
  year={2012},
  organization={ACM}
}

@inproceedings{fixturefinder,
  title={FixtureFinder: discovering the existence of electrical and water fixtures},
  author={Srinivasan, Vijay and Stankovic, John and Whitehouse, Kamin},
  booktitle={Proceedings of the 12th international conference on Information processing in sensor networks},
  pages={115--128},
  year={2013},
  organization={ACM}
}

@INPROCEEDINGS{batra, 
author={Batra, Nipun and Arjunan, Pandarasamy and Singh, Amarjeet and Singh, Pushpendra}, 
booktitle={Intelligent Sensors, Sensor Networks and Information Processing, 2013 IEEE Eighth International Conference on}, 
title={Experiences with Occupancy based Building Management Systems}, 
year={2013}, 
pages={153-158}, 
doi={10.1109/ISSNIP.2013.6529781},}

@inproceedings{yuvraj_ipsn,
  title={Duty-cycling buildings aggressively: The next frontier in HVAC control},
  author={Agarwal, Yuvraj and Balaji, Bharathan and Dutta, Seemanta and Gupta, Rajesh K and Weng, Thomas},
  booktitle={Information Processing in Sensor Networks (IPSN), 2011 10th International Conference on},
  pages={246--257},
  year={2011},
  organization={IEEE}
}

@inproceedings{smap,
  title={sMAP: a simple measurement and actuation profile for physical information},
  author={Dawson-Haggerty, Stephen and Jiang, Xiaofan and Tolle, Gilman and Ortiz, Jorge and Culler, David},
  booktitle={Proceedings of the 8th ACM Conference on Embedded Networked Sensor Systems},
  pages={197--210},
  year={2010},
  organization={ACM}
}

@inproceedings{buildingdepot,
  title={Buildingdepot: an extensible and distributed architecture for building data storage, access and sharing},
  author={Agarwal, Yuvraj and Gupta, Rajesh and Komaki, Daisuke and Weng, Thomas},
  booktitle={Proceedings of the Fourth ACM Workshop on Embedded Sensing Systems for Energy-Efficiency in Buildings},
  pages={64--71},
  year={2012},
  organization={ACM}
}

@inproceedings{state_of_internet,
  title={The State of the Internet},
  author={Solutions, Akamai},
  year={2013},
  organization={Akamai Solutions}
}

@inproceedings{meyer,
title={Internet Trends at Stanford Bases}
, author={Meeker,Mary},
year={2012},
organization={KPCB}
} 

@article{india_energy_book,
  title={India Energy Book 2012},
  pages={59},
  year={2012},
  publisher={World energy council}
}

@inproceedings{yuvraj_dashboard,
  title={The energy dashboard: improving the visibility of energy consumption at a campus-wide scale},
  author={Agarwal, Yuvraj and Weng, Thomas and Gupta, Rajesh K},
  booktitle={Proceedings of the First ACM Workshop on Embedded Sensing Systems for Energy-Efficiency in Buildings},
  pages={55--60},
  year={2009},
  organization={ACM}
}
@inproceedings{smart_thermostat,
  title={The smart thermostat: using occupancy sensors to save energy in homes},
  author={Lu, Jiakang and Sookoor, Tamim and Srinivasan, Vijay and Gao, Ge and Holben, Brian and Stankovic, John and Field, Eric and Whitehouse, Kamin},
  booktitle={Proceedings of the 8th ACM Conference on Embedded Networked Sensor Systems},
  pages={211--224},
  year={2010},
  organization={ACM}
}

@inproceedings{smartcap,
  title={Smartcap: Flattening peak electricity demand in smart homes},
  author={Barker, Sean and Mishra, Aditya and Irwin, David and Shenoy, Prashant and Albrecht, Jeannie},
  booktitle={Pervasive Computing and Communications (PerCom), 2012 IEEE International Conference on},
  pages={67--75},
  year={2012},
  organization={IEEE}
}
@inproceedings{smartcharge,
  title={Smartcharge: cutting the electricity bill in smart homes with energy storage},
  author={Mishra, Aditya and Irwin, David and Shenoy, Prashant and Kurose, Jim and Zhu, Ting},
  booktitle={Proceedings of the 3rd International Conference on Future Energy Systems: Where Energy, Computing and Communication Meet},
  pages={29},
  year={2012},
  organization={ACM}
}

@inproceedings{cloudy,
  title={Cloudy computing: Leveraging weather forecasts in energy harvesting sensor systems},
  author={Sharma, Navin and Gummeson, Jeremy and Irwin, David and Shenoy, Prashant},
  booktitle={Sensor Mesh and Ad Hoc Communications and Networks (SECON), 2010 7th Annual IEEE Communications Society Conference on},
  pages={1--9},
  year={2010},
  organization={IEEE}
}